%Dissertationen
@phdthesis{Diss_Fottner,
  type					   = {Dissertation},	
  Title                    = {{Auslegung und wirtschaftlicher Einsatz von Hochleistungs-Schneckenförderern}},  
  Author                   = {Fottner, J.},
  School                   = {Lehrstuhl für Fördertechnik Materialfluss Logistik, Technische Universität München},
  Year                     = {2002},
  address				   = {München},
  shorthand				   = {\mbox{Fot-2002}}                        
}

%Bücher
@book{Ewins,
  Title                     = {{Modal testing, theory, practice and application}},
  Author                    = {Ewins, D.J.},
  publisher					= {Wiley},
  Year                      = {2000},
  edition					= {second},
  shorthand					={\mbox{Ewi-2000}}      
}


%Artikel Konferenzberichte
@inproceedings{Sch-2012,
  Title                    = {{Vergleich der dynamischen Beanspruchungen von Gittermast-Fahrzeugkranen mit den Ergebnissen der quasistatischen Auslegung nach DIN EN 13001}},
  Author                   = {Schneidler, S. and Kleeberger, M. and Günthner, W.A.}, 
  booktitle					= {Tagungsband 20. Kranfachtagung},
  Year                     = {2012},
  address					={Dresden},
  shorthand					={\mbox{Sch-2012}}
}

%Artikel aus Zeitschrift
@article{Cel-1997,
  Title                    = {{Dynamische Belastung beim Lastheben: Ein Vergleich von dynamischer und quasistatischer Berechnung}},
  Author                   = {Celiktas, M. and Kleeberger, M.},
  journal					= {F+H Fördern und Heben},
  Year                     = {1997},
  volume					={47},
  pages						={S.56-61},  
  shorthand					={\mbox{Cel-1997}}
} 

 
%Normen 
@techreport{DIN15018T3,  
  type				= {{}},
  author			= "{DIN Deutsches Institut für Normung e.V.}", 
  title				= "{Krane: Grundsätze für Stahltragwerke, Berechnung von Fahrzeugkranen}",
  number			={\mbox{DIN-Norm Nr. 15018 Teil 3}},
  year				={1984},   
  shorthand			="{\mbox{DIN 15018-3}}" 
}
 
@techreport{EN12999, 
  type				= {{}}, 
  author			="{DIN Deutsches Institut für Normung e.V.}",     
  title				= "{Krane-Ladekrane}", 
  number			="{DIN EN-Norm Nr. 12999}",
  year				={2013},      
  shorthand			="{\mbox{DIN EN 12999}}"     
}  

@techreport{ISO8686T1, 
  type					= {{}}, 
  author				="{ISO International Oranization for Standardization}",       
  title					="{Cranes-Design principles for loads an load combinations - Part 1: General}",    
  number 				={ISO-Norm Nr. 8686 Part 1},
  year					={2012}, 
  shorthand				="{\mbox{ISO 8686-1}}"                          
}  

 
%Benutzeranweisung
@manual{NODYA,
title				={NODYA: Benutzeranweisung},
year				={2015},
address				={Technische Universität München},
organization		={Lehrstuhl für Fördertechnik Materialfluss Logistik},  
shorthand			={NODYA}                          
}


@book{Sch-2017,
    author={Schlosser, Joachim},
    title={Wissenschaftliche Arbeiten schreiben mit LaTeX},
    address={[Erscheinungsort nicht ermittelbar] ; Boston, MA},
    publisher={mitp Verlag ; Safari},
    year={2017},
    edition={6th edition},
    ISBN={9783958455450},
    shorthand={Sch-2017}                          
}